<?xml version="1.0" encoding="UTF-8"?><collection xmlns="http://www.loc.gov/MARC21/slim"><record><leader>00378nam--2200121-i-4500</leader><controlfield tag="001">000031372</controlfield><controlfield tag="002">20161230</controlfield><controlfield tag="005">20161230201038</controlfield><controlfield tag="008">060222s1000------------r-----000-0-eng-d</controlfield><datafield ind1=" " ind2=" " tag="100"><subfield code="a">Mathieu, Jean Et Allais, Andre</subfield></datafield><datafield ind1=" " ind2=" " tag="245"><subfield code="a">Principes de syntheses organique. introduction au mecanisme des reactions. preface de ch.dufraise</subfield></datafield><datafield ind1=" " ind2=" " tag="260"><subfield code="a">Paris, Masson, 1957, X + 598p</subfield></datafield><datafield ind1=" " ind2=" " tag="852"><subfield code="a">13179</subfield></datafield></record></collection>